1020 1320
120 125 173 139 Lorem
178 125 227 143 ipsum
232 125 274 139 dolor
280 125 298 139 sit
304 127 347 142 amet,

120 150 211 162 consectetur
217 148 297 166 adipiscing
303 148 334 165 elit,

121 171 146 185 sed
152 171 171 185 do
177 171 244 185 eiusmod
249 174 306 189 tempor

120 195 201 209 incididunt
207 198 222 209 ut
227 195 276 209 labore
282 197 296 209 et
301 195 351 209 dolore

120 222 173 236 magna
179 218 231 236 aliqua.
237 218 309 232 Faucibus
314 221 329 232 et

120 241 187 255 molestie
193 246 210 255 ac
216 241 271 259 feugiat
277 241 302 255 sed

120 265 166 279 lectus
172 265 265 279 vestibulum.
271 265 300 279 Sed
306 265 351 279 lectus

121 288 208 302 vestibulum
214 288 262 302 mattis

121 311 216 329 ullamcorper
222 311 257 325 velit
263 311 293 325 sed.
299 311 342 325 Enim

121 335 146 349 sed
152 335 219 349 faucibus
224 335 269 353 turpis
275 335 290 349 in
296 340 313 349 eu
319 335 340 349 mi

120 358 199 372 bibendum
205 363 252 376 neque
258 361 319 376 egestas.

120 381 164 395 Nulla
170 384 184 395 at
189 381 254 399 volutpat
259 381 299 395 diam
305 384 320 395 ut

121 405 195 419 venenatis
201 405 243 419 tellus
249 405 264 419 in
269 407 316 419 metus

121 428 198 446 vulputate.
204 428 253 446 Quam

120 451 219 469 pellentesque
225 456 252 465 nec
258 456 292 465 nam

121 475 184 493 aliquam
190 480 221 489 sem
227 477 241 489 et
246 478 293 489 tortor.
299 475 351 489 Donec

120 498 159 512 enim
165 498 204 512 diam
210 498 284 516 vulputate
290 501 309 512 ut.

121 521 190 535 Vehicula
195 521 243 539 ipsum
249 526 257 535 a
263 526 296 535 arcu
302 525 352 535 cursus

121 545 158 559 vitae
164 550 221 563 congue
227 545 285 559 mauris.
290 545 328 559 Ante

120 571 167 582 metus
173 568 228 582 dictum
234 571 248 582 at
253 570 309 586 tempor

120 591 199 605 commodo
205 591 301 609 ullamcorper
307 596 315 605 a

120 615 165 629 lacus.
171 615 248 629 Habitasse
254 615 301 633 platea

120 638 189 652 dictumst
194 638 255 656 quisque
262 638 317 656 sagittis

120 665 164 679 purus
170 661 192 675 sit.
198 661 231 675 Nis]
237 665 280 679 purus
286 661 301 675 in

120 685 169 699 mollis
175 690 213 699 nunc
219 685 245 699 sed
251 685 266 699 id
272 690 329 703 semper

120 708 162 722 risus.
168 708 259 722 Elementum
265 710 322 726 tempus

120 733 177 749 egestas
183 731 209 745 sed
215 731 241 745 sed
246 731 283 745 risus

120 755 186 773 pretium.
191 755 235 769 Amet
241 755 269 769 nisl
275 755 335 773 suscipit

121 778 201 796 adipiscing
207 778 287 792 bibendum
292 780 314 792 est

121 801 184 815 ultricies
189 801 245 819 integer
250 801 287 819 quis.

121 845 188 859 Ultricies
194 845 234 859 lacus
240 845 266 859 sed
272 845 316 863 turpis

120 868 191 882 tincidunt
196 868 211 882 id
217 868 271 886 aliquet
276 868 313 882 risus

120 891 175 909 feugiat
181 891 200 905 in.
205 891 249 905 Amet
254 894 277 905 est
282 891 345 909 placerat

120 915 135 929 in
141 918 198 933 egestas
203 917 233 929 erat
238 915 315 933 imperdiet
320 915 346 929 sed

120 938 192 952 euismod.
198 938 229 952 Nec
235 938 306 952 tincidunt

120 964 187 979 praesent
192 965 249 979 semper
254 961 310 979 feugiat
315 961 350 975 nibh

121 985 146 999 sed
152 985 218 1003 pulvinar
223 985 270 1003 proin.
276 985 343 1003 Volutpat

120 1008 159 1022 diam
165 1010 180 1022 ut
186 1008 260 1022 venenatis
266 1008 309 1022 tellus
314 1008 329 1022 in

120 1034 167 1045 metus
173 1031 246 1049 vulputate
252 1036 270 1045 eu

121 1055 213 1073 scelerisque.
219 1055 278 1069 Nullam
284 1060 313 1069 non
319 1055 347 1069 nisi

120 1080 142 1092 est
148 1078 170 1092 sit.
176 1078 213 1096 Quis
219 1078 274 1092 blandit
279 1078 324 1096 turpis

120 1105 170 1115 cursus
176 1101 191 1115 in
197 1101 224 1115 hac
229 1101 302 1115 habitasse

120 1125 172 1143 platea.
178 1125 239 1143 Semper
244 1125 276 1143 quis
282 1125 328 1139 lectus

120 1148 160 1162 nulla
165 1150 183 1162 at.
188 1148 244 1162 Auctor
249 1153 284 1162 urna
289 1153 327 1162 nunc
333 1148 348 1162 id

120 1175 175 1185 cursus.
181 1171 241 1185 Lacinia
247 1173 260 1185 at
265 1171 298 1189 quis
304 1171 341 1185 risus

394 125 419 139 sed
425 125 498 143 vulputate
504 125 544 139 odio.
550 125 585 139 Sem

393 148 457 166 fringilla
463 151 478 162 ut
483 148 530 162 morbi
536 148 607 162 tincidunt

394 175 440 189 augue
446 171 517 185 interdum
523 171 563 185 velit.
569 171 598 185 Sed

393 195 460 209 euismod
466 195 494 209 nisi
500 198 540 213 porta
546 195 592 209 lorem

393 218 442 232 mollis
449 218 512 236 aliquam
518 221 537 232 ut.
543 218 597 236 Sapien

393 241 460 255 faucibus
466 243 480 255 et
485 241 552 255 molestie
558 246 575 255 ac

393 265 448 283 feugiat
454 265 480 279 sed
485 265 536 279 lectus.
542 265 586 279 Diam

394 288 482 302 sollicitudin
488 290 544 306 tempor
550 288 565 302 id
570 293 588 302 eu
594 288 622 302 nisl

393 316 431 325 nunc
437 311 457 325 mi
463 311 516 329 ipsum.
522 311 612 325 Vestibulum

393 335 439 349 Jectus
445 335 498 349 mauris
505 335 562 349 ultrices
568 340 600 349 eros
606 335 621 349 in

393 362 448 372 cursus.
454 358 470 372 In
476 361 498 372 est
503 360 535 372 ante
541 358 556 372 in
562 358 597 372 nibh

393 381 447 395 mauris
452 385 503 395 cursus
509 381 557 395 mattis

393 405 460 419 molestie
466 410 479 419 a.
485 405 534 423 Ipsum
540 410 578 419 nunc

394 428 447 446 aliquet
452 428 532 442 bibendum
537 428 577 442 enim

393 451 454 465 facilisis
460 451 524 469 gravida.

452 499 459 509 is
465 495 518 509 mauris
525 495 543 509 sit
548 498 587 509 amet

393 522 442 532 massa
447 518 485 532 vitae
491 520 535 532 tortor

393 541 502 555 condimentum
508 541 561 555 lacinia
566 541 604 559 quis.

393 565 469 579 Convallis
475 569 530 579 aenean
535 568 550 579 et
555 567 599 579 tortor
605 567 618 579 at

393 588 430 602 risus
436 588 492 602 viverra
498 588 579 606 adipiscing
585 591 603 602 at.

393 611 431 625 Ante
437 611 452 625 in
457 611 492 625 nibh
498 611 552 625 mauris
557 615 608 625 cursus

393 635 441 649 mattis
447 635 514 649 molestie
520 640 528 649 a
534 635 585 649 iaculis
591 637 609 649 at.

393 658 422 672 Elit
427 658 453 672 sed
459 658 532 676 vulputate
538 658 559 672 mi
565 658 583 672 sit
588 661 627 672 amet

393 681 447 695 mauris
452 681 532 695 commodo
537 681 575 699 quis.

393 705 442 719 Metus
449 705 512 723 aliquam
517 705 581 719 eleifend
587 705 607 719 mi

393 728 408 742 in
414 728 453 742 nulla
459 732 520 746 posuere
526 728 620 742 sollicitudin.

393 751 449 765 Mauris
455 751 517 765 rhoncus
523 756 578 765 aenean
584 751 607 765 vel

393 775 418 789 elit
424 775 512 793 scelerisque
517 775 571 789 mauris

393 798 497 816 pellentesque.
503 798 540 816 Eget
545 798 563 812 sit
569 800 607 812 amet

393 821 436 835 tellus
441 825 473 835 cras
479 821 560 839 adipiscing
566 821 605 835 enim

393 850 411 859 eu
417 845 466 863 turpis.
473 845 533 863 Semper
539 848 572 863 eget
577 845 609 859 duis

394 870 407 882 at
412 868 455 882 tellus
461 870 475 882 at
481 873 520 882 urna.
525 868 585 886 Aliquet

394 891 449 909 sagittis
455 891 470 905 id
475 893 566 905 consectetur
571 895 615 909 purus

394 918 413 929 ut.
419 915 448 929 Sed
454 917 511 933 tempus
517 920 551 929 urna
557 917 571 929 et

393 938 458 956 pharetra
464 938 529 956 pharetra
534 942 583 952 massa

393 965 442 975 massa
447 961 515 975 ultricies.

393 1005 433 1019 Nibh
438 1008 482 1019 tortor
487 1005 502 1019 id
508 1005 562 1023 aliquet
567 1005 613 1019 lectus

393 1028 435 1046 proin
440 1028 475 1042 nibh
481 1028 514 1042 nisl.
520 1028 540 1042 Ut
545 1032 576 1042 sem

394 1051 449 1065 viverra
455 1051 509 1069 aliquet
514 1053 551 1069 eget.
557 1051 609 1065 Fames

394 1079 410 1089 ac
416 1075 461 1093 turpis
466 1077 523 1093 egestas
530 1075 555 1089 sed
561 1077 618 1093 tempus

394 1103 433 1112 urna.
438 1098 486 1112 Tellus
492 1098 522 1112 orci
528 1103 545 1112 ac
551 1101 600 1112 auctor

394 1125 440 1139 augue
446 1121 499 1135 mauris
506 1125 552 1139 augue
558 1126 610 1139 neque.

393 1145 435 1159 Nunc
441 1150 471 1159 non
476 1145 532 1159 blandit
537 1149 585 1159 massa

393 1168 432 1182 enim
438 1173 465 1182 nec
471 1168 496 1182 dui
501 1173 544 1182 nunc.
550 1168 600 1182 Morbi

666 130 696 139 non
702 129 734 139 arcu
740 125 777 139 risus
783 125 816 143 quis
822 125 874 139 varius.

666 148 706 162 Odio
712 152 766 162 aenean
772 148 798 162 sed
804 148 884 166 adipiscing

666 171 705 185 diam
711 171 758 185 donec
764 171 845 189 adipiscing

666 195 736 213 tristique.
740 195 760 209 At
765 195 781 209 in
786 195 829 209 tellus
834 195 890 213 integer

666 218 721 236 feugiat
727 218 819 236 scelerisque.
825 218 894 232 Molestie

667 243 680 255 at
685 241 774 255 elementum
779 246 797 255 eu
803 241 865 255 facilisis
871 241 897 255 sed

666 265 701 279 odio
707 265 754 279 morbi
759 265 797 283 quis.
803 265 845 279 Enim

666 288 721 302 blandit
727 288 792 306 volutpat
797 292 874 302 maecenas

667 311 736 329 volutpat.
742 311 785 325 Diam
791 311 856 329 volutpat

666 335 745 349 commodo
751 335 777 349 sed
783 338 840 353 egestas

666 360 728 376 egestas.
734 358 785 376 Neque
791 358 829 372 vitae
835 360 892 376 tempus

666 385 710 399 quam
715 381 815 399 pellentesque
820 386 847 395 nec
853 385 887 395 nam

667 405 730 423 aliquam
736 410 767 419 sem
773 407 791 419 et.
797 405 869 419 Faucibus

667 428 704 442 vitae
710 428 764 446 aliquet
769 433 796 442 nec

667 451 766 469 ullamcorper.
772 451 805 465 Non
811 451 866 465 blandit

666 480 690 489 massa
720 475 759 489 enim
765 480 797 489 nec.
803 475 869 489 Porttitor

666 502 715 512 massa
720 498 735 512 id
740 503 787 516 neque
794 498 857 516 aliquam

667 521 754 535 vestibulum
760 521 807 535 morbi
813 521 872 535 blandit.

666 545 717 563 Turpis
723 548 779 563 egestas
785 545 847 563 pretium

667 572 721 582 aenean
727 568 792 586 pharetra
797 572 850 586 magna
856 572 872 582 ac

666 591 729 609 placerat
735 591 827 605 vestibulum.

666 635 749 649 Bibendum
755 638 770 649 ut
775 635 840 653 tristique
845 638 860 649 et

666 660 723 676 egestas
729 658 761 676 quis
767 658 815 676 ipsum

667 681 764 699 suspendisse.
770 681 847 695 Tincidunt

666 705 726 719 lobortis
732 705 788 723 feugiat
793 705 860 719 vivamus
866 708 880 719 at

667 732 713 746 augue
719 730 752 746 eget
758 732 795 742 arcu.
800 728 820 742 At
825 728 840 742 in
846 728 888 742 tellus

666 751 721 769 integer
727 751 767 769 feugiat
788 751 875 769 scelerisque

667 775 714 789 varius
720 775 767 789 morbi
773 775 817 789 enim.
823 775 844 789 Eu

666 798 721 816 feugiat
727 798 788 816 pretium
794 798 829 812 nibh
834 798 887 816 ipsum.

666 821 682 835 In
688 826 721 835 arcu
727 825 777 835 cursus
783 821 850 835 euismod
856 821 889 839 quis

667 845 722 859 viverra
728 845 767 859 nibh.
773 845 819 859 Netus
825 847 839 859 et

666 868 750 882 malesuada
755 868 802 882 fames
809 872 830 882 ac.

666 891 750 905 Accumsan
756 891 774 905 sit
780 893 818 905 amet
823 891 863 905 nulla

666 915 690 929 facilisi
725 915 773 929 morbi
778 918 840 933 tempus.

667 938 767 956 Ullamcorper
772 938 819 952 morbi
825 938 896 952 tincidunt

666 966 716 975 ornare
722 965 771 975 massa
776 963 809 979 eget
814 963 871 979 egestas

666 989 710 1003 purus
716 985 776 999 viverra.
782 985 805 999 Mi
810 985 825 999 in
831 985 871 999 nulla

666 1013 727 1026 posuere
734 1008 823 1022 sollicitudin
829 1008 892 1026 aliquam

667 1031 724 1045 ultrices
730 1031 786 1049 sagittis
792 1031 822 1045 orci
828 1036 841 1045 a.

666 1055 733 1069 Porttitor
738 1058 771 1073 eget
776 1055 818 1069 dolor
823 1055 870 1069 morbi

666 1083 696 1092 non
702 1082 734 1092 arcu
740 1078 777 1092 risus
783 1078 816 1096 quis
822 1078 870 1092 varius

666 1105 714 1119 quam.
720 1101 759 1115 Nam
765 1101 828 1119 aliquam
834 1105 865 1115 sem
871 1103 885 1115 et

666 1128 713 1139 tortor.
719 1125 787 1139 Praesent
792 1125 857 1143 tristique

666 1152 719 1166 magna
725 1148 743 1162 sit
749 1150 787 1162 amet
792 1152 841 1166 purus.
847 1148 893 1162 Lacus

667 1171 692 1185 sed
698 1171 754 1185 viverra
759 1171 802 1185 tellus
808 1171 823 1185 in
828 1171 855 1185 hac
